@Manual{R-base,
  title = {R: A Language and Environment for Statistical Computing},
  author = {{R Core Team}},
  organization = {R Foundation for Statistical Computing},
  address = {Vienna, Austria},
  year = {2013},
  url = {http://www.R-project.org/},
}
@Manual{R-cluster,
  title = {cluster: Cluster Analysis Extended Rousseeuw et al.},
  author = {Martin Maechler},
  year = {2013},
  note = {R package version 1.14.4},
  url = {http://CRAN.R-project.org/package=cluster},
}
@Manual{R-colorout,
  title = {colorout: Colorize R output on terminal emulators},
  author = {Jakson Aquino},
  year = {2012},
  note = {R package version 1.0-0},
}
@Manual{R-Formula,
  title = {Formula: Extended Model Formulas},
  author = {Achim Zeileis and Yves Croissant},
  year = {2013},
  note = {R package version 1.1-1},
  url = {http://CRAN.R-project.org/package=Formula},
}
@Manual{R-gdata,
  title = {gdata: Various R programming tools for data manipulation},
  author = {Gregory R. Warnes and Ben Bolker and Gregor Gorjanc and Gabor Grothendieck and Ales Korosec and Thomas Lumley and Don MacQueen and Arni Magnusson and Jim Rogers and {others}},
  year = {2013},
  note = {R package version 2.13.2},
  url = {http://CRAN.R-project.org/package=gdata},
}
@Manual{R-Hmisc,
  title = {Hmisc: Harrell Miscellaneous},
  author = {Harrell, Jr., Frank E},
  year = {2013},
  note = {R package version 3.13-0},
  url = {http://CRAN.R-project.org/package=Hmisc},
}
@Manual{R-knitr,
  title = {knitr: A general-purpose package for dynamic report generation in R},
  author = {Yihui Xie},
  year = {2013},
  note = {R package version 1.5},
  url = {http://CRAN.R-project.org/package=knitr},
}
@Manual{R-lattice,
  title = {lattice: Lattice Graphics},
  author = {Deepayan Sarkar},
  year = {2013},
  note = {R package version 0.20-24},
  url = {http://CRAN.R-project.org/package=lattice},
}
@Manual{R-setwidth,
  title = {setwidth: Set the value of options("width") on terminal emulators},
  author = {Jakson Aquino},
  year = {2013},
  note = {R package version 1.0-3},
  url = {http://CRAN.R-project.org/package=setwidth},
}
@Manual{R-survival,
  title = {survival: Survival Analysis},
  author = {Terry Therneau},
  year = {2014},
  note = {R package version 2.37-7},
  url = {http://CRAN.R-project.org/package=survival},
}
@Manual{R-vimcom,
  title = {vimcom: Intermediate the communication between Vim and R},
  author = {Jakson Aquino},
  year = {2013},
  note = {R package version 0.9-91},
  url = {http://CRAN.R-project.org/package=vimcom},
}
